Date,Year,Quarter,Product,Region,Revenue,Gross_Profit,Operating_Expenses,Net_Profit,Total_Assets,Total_Equity,Cash_Flow,Employees,Customer_Count,Market_Share,Profit_Margin,ROA,ROE,Revenue_Per_Employee,Customer_Acquisition_Cost
2021-03-31,2021,Q1,Product A,North America,58580.441504095725,13861.164329595527,9379.402428675257,3855.199756762404,118366.7317721781,104387.17822020798,16101.79483935297,1,58,0.10308477766956904,6.581035679788898,3.2569960317756803,3.6931736468915184,58580.441504095725,161.71383497715962
2021-03-31,2021,Q1,Product A,Europe,71569.21783159193,12047.994406438464,9334.359719153521,1135.431886877619,174052.40279365247,98388.88646215484,17303.8576402302,1,71,0.08487346516301046,1.5864807822119569,0.6523505959430669,1.1540245323483374,71569.21783159193,131.46985519934537
2021-03-31,2021,Q1,Product A,Asia Pacific,83149.15943511734,15518.641847164667,12107.099526635113,675.0537838040091,182901.026017933,125433.88810614966,19861.18993096704,1,83,0.061612603179999434,0.811858819006781,0.3690814636205604,0.5381749653113983,83149.15943511734,145.86866899560377
2021-03-31,2021,Q1,Product A,Latin America,116255.81722048558,19420.81471858016,12381.844332448367,-3236.1133616769766,344771.97558033303,195895.51727107423,22750.34098385222,2,116,0.07441802850159597,-2.7836141356604194,-0.9386242475856195,-1.6519588639687666,58127.90861024279,106.74003734869282
2021-03-31,2021,Q1,Product B,North America,124305.55569853485,24117.17338741993,13947.558629738338,5531.293719519956,252885.79562394772,216986.81357129273,23471.001767247235,2,124,0.21563057108849548,4.449755836283311,2.1872694375231863,2.5491381842439034,62152.777849267426,112.48031153014789
2021-03-31,2021,Q1,Product B,Europe,85202.99140543699,17211.58382468111,13178.43426375865,7116.269425597591,253017.4935171415,141869.7708586699,24787.666747342162,1,85,0.2737068376069122,8.352135656522837,2.8125602410631245,5.01605760164848,85202.99140543699,155.04040310304293
2021-03-31,2021,Q1,Product B,Asia Pacific,115243.42246177052,27910.507561604634,12544.160126043898,14127.591734523921,235698.9924862587,160787.41540279167,24005.38853381272,2,115,0.11783725794347398,12.258913726039715,5.9939126533803755,8.786503408324972,57621.71123088526,109.07965326994695
2021-03-31,2021,Q1,Product B,Latin America,139473.77817951952,25896.84016213466,17865.677566662936,4380.275032051944,298602.79045328975,234499.80006540494,22480.74571788784,2,139,0.2967217341501293,3.140572435353407,1.4669236765679683,1.867922715000282,69736.88908975976,128.530054436424
2021-03-31,2021,Q1,Product C,North America,133543.89675970736,22685.31115988955,13428.134179875673,-1559.0681973907776,361484.2776700419,218665.35090322018,35481.35164670384,2,133,0.06851116293352259,-1.1674574692066175,-0.4312962675554799,-0.7129927951323256,66771.94837985368,100.96341488628326
2021-03-31,2021,Q1,Product C,Europe,90110.69362685767,14560.708176398759,16788.55420042245,-66.94384076224378,210038.83779294475,111569.20457026063,17720.028951351986,1,90,0.13129583050668675,-0.0742906730242847,-0.03187212492017152,-0.06000207765224851,90110.69362685767,186.53949111580502
2021-03-31,2021,Q1,Product C,Asia Pacific,129068.24574791212,27589.07930131603,24357.923803743255,8587.459525861377,273572.31102062523,210116.24698292345,34089.215604620265,2,129,0.19031929939237408,6.65342546193264,3.139009022449626,4.087004050933432,64534.12287395606,188.82111475769966
2021-03-31,2021,Q1,Product C,Latin America,133409.79185841815,26599.185551920407,20314.7469823832,7554.39053906357,270210.7441249888,168728.01392119244,20640.412946874738,2,133,0.20910260281594512,5.662545780058414,2.7957402521230645,4.4772592075859965,66704.89592920907,152.7424585141594
2021-03-31,2021,Q1,Product D,North America,85480.61952153227,17169.386703355103,16305.996396970726,6490.359332246915,206041.02554520743,141327.73106755404,15755.764267971932,1,85,0.06924497745719825,7.592784620158276,3.150032531178052,4.592417413921796,85480.61952153227,191.83525172906735
2021-03-31,2021,Q1,Product D,Europe,82897.95253161134,13771.184341528475,15996.798438425649,-1217.763398128538,218303.77960376808,142822.92222106448,22428.108332006344,1,82,0.09664251472150896,-1.4689909231041265,-0.5578297363146152,-0.8526386235422749,82897.95253161134,195.08290778567866
2021-03-31,2021,Q1,Product D,Asia Pacific,146172.937483529,29809.66460350563,26419.883680601648,2093.941098827625,338829.3770336652,185059.4928305905,26923.63346221054,2,146,0.1567769471565641,1.432509419921573,0.6179927836126136,1.13149618363241,73086.4687417645,180.95810740138114
2021-03-31,2021,Q1,Product D,Latin America,138348.24247336423,32660.292714663516,13931.005751379987,11759.369301365314,334444.5636214059,184454.82609897666,23239.710806610517,2,138,0.13440379285090698,8.499832806787778,3.5160892358462785,6.375202834245903,69174.12123668211,100.94931703898541
2021-06-30,2021,Q2,Product A,North America,166188.3426666811,29112.579645605096,24882.52477544201,7493.49861365687,379713.85501831165,203104.11958814706,40123.62436192791,3,166,0.1756697558072154,4.509039860085946,1.9734593601530541,3.6894862737654592,55396.114222227035,149.89472756290365
2021-06-30,2021,Q2,Product A,Europe,62668.473594294155,11146.505897759675,11958.811028559358,3378.3607363840238,134417.28765418575,93606.12274301829,18665.652457639255,1,62,0.1105138178778751,5.390845735696389,2.513337975599913,3.6091236741626522,62668.473594294155,192.88404884773158
2021-06-30,2021,Q2,Product A,Asia Pacific,133198.14305635993,30124.353306162426,16485.102263662164,7104.832462688177,315384.31643837516,210370.94915489637,32637.468615111586,2,133,0.18394367101868964,5.3340326671685805,2.2527538917986853,3.377287829536235,66599.07152817996,123.94813732076815
2021-06-30,2021,Q2,Product A,Latin America,67078.84716099905,15664.939917633015,8859.640411153348,7705.910536352206,136892.8438103182,104276.46704798104,16879.362514613604,1,67,0.05414695723196404,11.487839851893836,5.629155127370784,7.389884558331326,67078.84716099905,132.23343897243802
2021-06-30,2021,Q2,Product B,North America,115011.37071053764,19856.664563146707,18921.357768067086,6350.115291516371,309488.4377558784,164701.02222078873,33411.895605122394,2,115,0.08438023603649832,5.521293461929462,2.051810186371254,3.85554091036774,57505.68535526882,164.53354580927902
2021-06-30,2021,Q2,Product B,Europe,95576.38311969953,15420.99634195812,18395.525464863265,-2521.9341864848448,215805.89407242168,152538.9925656307,26052.52878300821,1,95,0.1888002028998656,-2.6386583214039216,-1.1686122834247132,-1.6533046036735621,95576.38311969953,193.63711015645544
2021-06-30,2021,Q2,Product B,Asia Pacific,117006.55725138301,20380.813979869636,12790.019158292618,-1817.8544402495609,339367.9314584263,184854.0818454868,23501.289886147086,2,117,0.1373023936531652,-1.5536346705287527,-0.535658873965307,-0.983399675084829,58503.278625691506,109.31640306233007
2021-06-30,2021,Q2,Product B,Latin America,139314.1094102237,33395.128102340306,26289.77645766184,8598.95044912124,368072.28581761185,174210.061865724,24274.690465415173,2,139,0.27463854713176983,6.172347140949528,2.336212418172178,4.935966589432163,69657.05470511185,189.13508242922185
2021-06-30,2021,Q2,Product C,North America,125731.44505037366,18975.35261655222,13848.96087664108,-1940.095510828669,252099.29035197606,163008.91126872253,29208.680600310283,2,125,0.2229737994231733,-1.5430471749142625,-0.7695759508564843,-1.1901775772432428,62865.72252518683,110.79168701312864
2021-06-30,2021,Q2,Product C,Europe,130905.59447514152,22571.649899017637,22413.38388184841,6375.367167758137,304407.8298798536,215718.654064705,32391.926297329013,2,130,0.2623058526235445,4.870202219637599,2.0943505856187814,2.9554083745793442,65452.79723757076,172.4106452449878
2021-06-30,2021,Q2,Product C,Asia Pacific,131547.82991929454,27208.150837218825,14387.054234527386,9216.146253339455,297982.4557965789,177115.18076873408,38931.78853283216,2,131,0.1482744311666901,7.005928002760381,3.0928486137556237,5.2034761861397545,65773.91495964727,109.82484148494189
2021-06-30,2021,Q2,Product C,Latin America,158188.20323976487,33712.09901013683,28391.797526167364,9942.152822163465,407635.7954306141,236572.13731711707,28361.001101205133,3,158,0.23061302881537632,6.285015328920708,2.438979337342266,4.202588240066641,52729.40107992163,179.69492105169218
2021-06-30,2021,Q2,Product D,North America,88724.7460901702,13524.454708282314,14599.411165277286,3080.570093240498,260891.4412853736,157251.93777783142,25484.37852291268,1,88,0.14253967506386112,3.4720528702440476,1.1807861837333506,1.9590029457015576,88724.7460901702,165.9023996054237
2021-06-30,2021,Q2,Product D,Europe,58575.02086657987,14223.881047427925,8365.591628900529,2704.1963411436445,173594.10199861592,100269.05303193018,11373.355629554577,1,58,0.1462744321504813,4.616637435440558,1.5577697110730209,2.69694014192246,58575.02086657987,144.23433842931948
2021-06-30,2021,Q2,Product D,Asia Pacific,153539.32065254395,27896.897035035283,17956.31218342603,3993.8762121474974,450815.2093553699,248367.95006429494,36159.9188157689,3,153,0.07429412344269214,2.6012074269792755,0.8859231297582938,1.6080481443413306,51179.77355084798,117.36151753873223
2021-06-30,2021,Q2,Product D,Latin America,126706.243505235,31550.536947245873,14445.576285098508,12312.352281884028,364581.13310710964,208363.49752360236,32253.373456614485,2,126,0.22562102099677733,9.717241977405266,3.377122720792797,5.90907353169638,63353.1217526175,114.64743083411514
2021-09-30,2021,Q3,Product A,North America,123137.63320142742,26474.146990441153,20957.617305273794,4361.181086957669,355868.4177308974,172737.1140306589,25407.90435904709,2,123,0.07349548496021725,3.541712613416639,1.2255038294113336,2.5247504634027917,61568.81660071371,170.3871325632016
2021-09-30,2021,Q3,Product A,Europe,102270.16678598344,15708.107251483545,14988.695375561349,-68.54515682109195,233844.95521819103,158978.9698038396,15808.41486513963,2,102,0.05933704718730361,-0.06702360910834688,-0.029312223886606967,-0.043115864259070366,51135.08339299172,146.94799387805244
2021-09-30,2021,Q3,Product A,Asia Pacific,125442.89260946185,23334.769486367903,14138.17308529554,4239.30970671471,347476.0038102507,166775.39951644433,30537.011351262194,2,125,0.071336866248442,3.379473813564587,1.2200294869943615,2.5419274779172136,62721.446304730925,113.10538468236433
2021-09-30,2021,Q3,Product A,Latin America,52324.60423927265,10628.982716641685,8061.312301537252,2061.1955600971996,142641.6501571492,93426.16939949621,11900.972344909698,1,52,0.13073911823531148,3.939247300699415,1.4450166258076567,2.2062293395369736,52324.60423927265,155.02523656802407
2021-09-30,2021,Q3,Product B,North America,122842.75961488616,21753.392056007466,17676.722032643367,8505.336255170667,248799.67450921604,218363.94421662233,33830.529690268595,2,122,0.22399355152342448,6.923758699198081,3.4185479832111323,3.8950277646263647,61421.37980744308,144.89116420199483
2021-09-30,2021,Q3,Product B,Europe,86210.2209727963,14425.507308583257,9969.669298980141,3647.1356565393526,219769.39407405915,140415.54860869455,21468.897405793854,1,86,0.11998347423648571,4.2305142190625045,1.6595284670577561,2.5973873211883896,86210.2209727963,115.9263871974435
2021-09-30,2021,Q3,Product B,Asia Pacific,137987.62422453758,30880.207879426696,21448.162290983033,8640.456210798984,333874.8641879535,186095.4354822802,28066.11726607049,2,137,0.2394615276160923,6.261761704614159,2.5879325273000706,4.643024257100448,68993.81211226879,156.555929131263
2021-09-30,2021,Q3,Product B,Latin America,48787.978073293365,7884.491654990074,5103.23539635642,2806.986256211795,139312.1483618825,79143.60021667191,10788.294067460301,0,48,0.07445854016275037,5.753438381879459,2.0148897918940003,3.5467002366926597,inf,106.31740409075876
2021-09-30,2021,Q3,Product C,North America,94050.43928763889,18560.58869636668,11034.01512381163,5075.150947952992,225580.42390355462,147613.11049945452,23067.19142107967,1,94,0.06132600244301113,5.3962012154259265,2.2498188717487464,3.4381437602534275,94050.43928763889,117.38313961501734
2021-09-30,2021,Q3,Product C,Europe,82953.19052091459,17634.68626090185,12468.994843688877,2234.5107112781116,220547.11936042868,107653.38696835864,13321.063990326711,1,82,0.2106048195515789,2.6937007452591413,1.013167035578627,2.0756529582621273,82953.19052091459,152.06091272791315
2021-09-30,2021,Q3,Product C,Asia Pacific,49937.30061100091,10415.800220913809,9688.986082059298,2548.30745836808,119258.75951512693,79199.20701952369,10923.18194390038,0,49,0.18640419732898372,5.103014033975842,2.1367884998374893,3.2175921379362893,inf,197.73440983794487
2021-09-30,2021,Q3,Product C,Latin America,136716.6479329828,25786.163029767864,26812.739984380212,-263.1522607511324,300201.20350935304,169749.68425073358,22574.20177000351,2,136,0.054555456412887435,-0.1924800415528964,-0.08765862950410645,-0.1550237114800378,68358.3239664914,197.15249988514861
2021-09-30,2021,Q3,Product D,North America,56380.321244809355,12307.862316480894,6039.396011398087,4871.435341477178,160394.98393388477,68443.63302143587,15345.047390541895,1,56,0.12046369369334999,8.640311431225953,3.037149430736061,7.117441208814109,56380.321244809355,107.8463573463944
2021-09-30,2021,Q3,Product D,Europe,58630.23681739105,12879.522023086447,9550.530486869973,1871.8591459749332,160357.86301061077,98621.25051690209,11274.89858969076,1,58,0.09435988594493071,3.192651518370974,1.1673011293815216,1.898028199971087,58630.23681739105,164.66431873913746
2021-09-30,2021,Q3,Product D,Asia Pacific,118615.3527015348,27362.601622233957,23610.446947262848,10606.787224306798,281357.7618607304,197595.12155011468,23855.98272458673,2,118,0.2826893314008912,8.942170623558374,3.7698576908488,5.367939826194885,59307.6763507674,200.08853345138007
2021-09-30,2021,Q3,Product D,Latin America,128839.52269291073,24853.066976447295,22558.139267108345,2247.6203323154696,270965.47542488936,224378.1186525096,29090.39957978301,2,128,0.2566143665269354,1.7445115329033603,0.8294858704014128,1.001711016124669,64419.761346455365,176.23546302428394
2021-12-31,2021,Q4,Product A,North America,125133.89987063973,24381.658685063143,16182.450721729834,7755.561066864328,334422.6568851808,206649.21526389226,33628.09090018902,2,125,0.24740453569863846,6.197809766084036,2.319089603288179,3.753007751304756,62566.94993531986,129.45960577383866
2021-12-31,2021,Q4,Product A,Europe,65362.69041727478,13036.067693820169,6912.4885829044915,2907.9300310249546,159585.0023056017,113248.86870858014,13244.915961823559,1,65,0.07926675410690147,4.44891422378846,1.8221825290676965,2.5677342866071733,65362.69041727478,106.34597819853064
2021-12-31,2021,Q4,Product A,Asia Pacific,71088.01150424014,16076.629380449305,11503.590430139559,8248.967233669644,148155.00860916812,115203.91481385806,11439.088340661156,1,71,0.25546501482258904,11.603879555946818,5.567795048650946,7.160318507403154,71088.01150424014,162.02240042450083
2021-12-31,2021,Q4,Product A,Latin America,133359.9853846244,21088.865027439733,14467.394169509054,-5404.957487903583,316632.7186211767,189689.28125100912,36263.2385692071,2,133,0.2868121443459647,-4.052907978592762,-1.7070116794752788,-2.849374225184286,66679.9926923122,108.77739977074476
2021-12-31,2021,Q4,Product B,North America,164289.6225081695,37020.66514243356,22610.5167780124,19219.872769058016,456256.4184674457,252191.5610474352,35097.73444005186,3,164,0.276588596273684,11.698774685602729,4.212515592354208,7.62114033048192,54763.20750272317,137.86900474397805
2021-12-31,2021,Q4,Product B,Europe,67572.90158844081,13464.746007490283,6834.0100308979745,3540.5799046617412,138950.37888363726,85904.80472388459,11327.173664395339,1,67,0.21230257552901588,5.239644622967325,2.5480894209196565,4.121515573013501,67572.90158844081,102.00014971489514
2021-12-31,2021,Q4,Product B,Asia Pacific,137760.49548451428,28700.591335674537,27030.9862503965,9760.306109447858,314880.829541132,237107.78234749543,25284.47534808443,2,137,0.2908056348601528,7.084981855734555,3.099682544558622,4.116400572269515,68880.24774225714,197.30646898099636
2021-12-31,2021,Q4,Product B,Latin America,56622.88363118516,13985.16613877948,5906.672230309484,3276.9684930951735,143125.72575421125,101682.17841773818,9120.21868928683,1,56,0.18846357110033019,5.787357130095678,2.2895733634376025,3.2227559874184553,56622.88363118516,105.47628982695507
2021-12-31,2021,Q4,Product C,North America,162443.46306600724,32863.90199283724,26468.515749372804,5317.573040006955,398724.15079860186,256097.78036155467,38604.22551207402,3,162,0.27528950262274726,3.2734915518553147,1.3336470914431506,2.0763838845068054,54147.82102200241,163.38589968748644
2021-12-31,2021,Q4,Product C,Europe,60303.57723581487,10739.845125771826,11761.678957163107,-659.1216830211288,148084.88665626358,94802.02108776073,11554.598224121895,1,60,0.09703028993094033,-1.0930059429868617,-0.4450971992510552,-0.6952612143268153,60303.57723581487,196.0279826193851
2021-12-31,2021,Q4,Product C,Asia Pacific,106544.7737648369,19746.49938415922,16873.02821584524,8263.800076762926,316906.2218700973,190899.08891082267,27139.53834545121,2,106,0.18402409158603011,7.756175910610678,2.6076484166190754,4.328883979442829,53272.38688241845,159.1795114702381
2021-12-31,2021,Q4,Product C,Latin America,89499.92683549794,20708.44849761114,15078.331668105486,10303.035396703308,260527.7700356609,151570.12603925503,26176.042437523112,1,89,0.23142987709709,11.51178080362057,3.954678380463255,6.797536998837709,89499.92683549794,169.41945694500546
2021-12-31,2021,Q4,Product D,North America,123097.1946712917,23613.033646511598,23791.345436217936,642.3106590216448,251760.6807794219,149664.05396109878,25415.81685457333,2,123,0.2526383326954582,0.5217914679021051,0.2551274714673973,0.4291682885915923,61548.59733564585,193.42557265217835
2021-12-31,2021,Q4,Product D,Europe,164430.59147075357,27137.90255774754,26212.38564070471,4431.832526508097,488344.7810501621,280398.7773368555,45341.6214349975,3,164,0.1671732899487426,2.6952603447250656,0.9075212223989888,1.580546309295757,54810.19715691786,159.83161976039457
2021-12-31,2021,Q4,Product D,Asia Pacific,101140.80962736206,17936.382705396114,10684.267300178148,-923.5703810733394,284499.0854650398,182036.32447779962,30291.21993502053,2,101,0.18885792640065685,-0.9131530432434682,-0.32463035146973457,-0.5073549928690052,50570.40481368103,105.78482475423908
2021-12-31,2021,Q4,Product D,Latin America,140296.98126277686,34299.325179719395,25949.99453126129,16799.407853876826,343803.94463520794,179228.7831437845,41122.119053674025,2,140,0.20154365861272,11.9741762813923,4.886333654985194,9.373164041625875,70148.49063138843,185.3571037947235
2022-03-31,2022,Q1,Product A,North America,131149.71779075687,29801.391580687563,19936.901416664685,5510.0834742838415,334681.8617335763,201519.77534789956,36918.388556947364,2,131,0.15087071655309925,4.201368914170992,1.646364534290223,2.7342643990007174,65574.85889537843,152.1900871501121
2022-03-31,2022,Q1,Product A,Europe,81495.92344808171,12458.955595758534,14303.653142925348,-745.906720171226,220371.47777852087,108208.5347398071,13891.446417450456,1,81,0.053636166416970485,-0.9152687504012612,-0.3384769788224962,-0.6893233717329197,81495.92344808171,176.5883104064858
2022-03-31,2022,Q1,Product A,Asia Pacific,109333.9962003606,22849.90524336309,15221.960513690883,7133.417477097482,317523.27566902374,154046.4925854009,24829.578158277698,2,109,0.24591325318528579,6.5244276483090395,2.246580967038502,4.6306912655884265,54666.9981001803,139.6510138870723
2022-03-31,2022,Q1,Product A,Latin America,115241.0520714687,24455.150392113155,21462.075313569727,1988.6696215799057,247431.0068170128,202357.82214177103,25792.957714119886,2,115,0.11456109707473959,1.7256607657023109,0.8037269245930132,0.982749073167358,57620.52603573435,186.62674185712805
2022-03-31,2022,Q1,Product B,North America,123286.71403954556,30575.506691797837,18401.998012435044,14193.764711087664,324663.33807764115,165708.11538554876,19895.94817172499,2,123,0.08221993047766231,11.512809649979689,4.371840933790103,8.565521777894462,61643.35701977278,149.6097399384963
2022-03-31,2022,Q1,Product B,Europe,80728.62183242271,13335.58278485145,9193.59481533014,89.0271100922655,176140.17221715313,113617.49223608308,22968.76713591372,1,80,0.16849041006571808,0.11027948709079771,0.05054333090040873,0.07835686947506128,80728.62183242271,114.91993519162675
2022-03-31,2022,Q1,Product B,Asia Pacific,150077.14611563578,25097.699366240824,17893.53332878169,9476.640225180425,325507.58437600697,205178.6011491452,26496.356164265486,3,150,0.0721756334392639,6.31451254935151,2.9113423711299995,4.618727378052361,50025.71537187859,119.29022219187793
2022-03-31,2022,Q1,Product B,Latin America,79776.14916908223,15642.3379486148,9623.665866723415,4758.718354429364,199712.9896321738,128777.60350347821,12436.848045180233,1,79,0.24985259972726065,5.965089069846501,2.3827785880096473,3.695299667772458,79776.14916908223,121.81855527497994
2022-03-31,2022,Q1,Product C,North America,144979.6151168767,22932.281565959092,27163.070781420796,-4916.452565814241,298814.28934563557,198060.5070579606,39279.35495520122,2,144,0.2370649225959146,-3.391133685829415,-1.6453204351708324,-2.482298282905782,72489.80755843835,188.63243598208885
2022-03-31,2022,Q1,Product C,Europe,87987.90642362811,15040.206830704248,12058.497113660098,1978.1998802329836,230374.75583062548,125061.45098647286,19302.805161664637,1,87,0.23686773453343912,2.2482633814568875,0.8586877816106647,1.5817822875307543,87987.90642362811,138.60341509954137
2022-03-31,2022,Q1,Product C,Asia Pacific,68984.92537083992,12089.173182267503,11819.529331640535,-984.8970437481948,173267.88089997132,104806.59588691509,11456.726786243576,1,68,0.16185309170586365,-1.4276989334317858,-0.568424475807367,-0.9397281110159188,68984.92537083992,173.81660781824317
2022-03-31,2022,Q1,Product C,Latin America,132731.98169677323,23128.15629956122,16846.91692991266,4847.190666715374,268128.053249612,184928.5015827869,24119.684203688666,2,132,0.13187433804447868,3.651863405301069,1.8077894528264506,2.621116066603413,66365.99084838662,127.62815855994438
2022-03-31,2022,Q1,Product D,North America,79663.83926485413,19043.858105111183,12695.169307361428,5667.484378954139,222196.0892345691,119421.29864880787,12988.23646858582,1,79,0.18427663545463696,7.114249615954053,2.550667925109636,4.745790276172579,79663.83926485413,160.6983456628029
2022-03-31,2022,Q1,Product D,Europe,139701.8818789345,31369.212018879603,20000.553281822766,15616.702991863696,319047.79182985006,198076.22630501003,34490.66040465136,2,139,0.19269457616722796,11.178591713887657,4.894784854111189,7.884188467835676,69850.94093946725,143.88887253109903
2022-03-31,2022,Q1,Product D,Asia Pacific,110042.14111452665,27362.146189109942,17670.289926982412,13747.437668421404,231284.6434441332,142143.1375162924,20566.178425443464,2,110,0.09017034331488892,12.492884570569853,5.943947450943537,9.671545111944415,55021.07055726332,160.63899933620374
2022-03-31,2022,Q1,Product D,Latin America,88250.89859559815,15753.625271589288,10355.127417310983,-985.5000432450433,183582.49734352692,133674.23918663827,18670.3181037327,1,88,0.2955946542271516,-1.11670255932578,-0.5368159042966586,-0.7372400615417539,88250.89859559815,117.671902469443
2022-06-30,2022,Q2,Product A,North America,191842.9327434961,39457.542535378976,30150.278748479905,14902.048217563879,531307.6465159284,251741.3320569627,38090.776008519235,3,191,0.1563591096541042,7.767837993536456,2.8047870786887157,5.919587417687899,63947.64424783203,157.8548625574864
2022-06-30,2022,Q2,Product A,Europe,135235.88725426418,23563.632612361842,15076.59471373328,1782.2695654523595,309504.9834646635,209445.62465322347,23416.689902002243,2,135,0.1702850254637044,1.3178968997344764,0.575845191732056,0.8509461911191705,67617.94362713209,111.67847936098727
2022-06-30,2022,Q2,Product A,Asia Pacific,138588.43758915048,21506.479938228964,18523.789858986973,5784.804172711631,285959.91331838036,248624.35023636947,27489.442997257884,2,138,0.25246861146365873,4.174088598834524,2.0229423437651484,2.3267247022312834,69294.21879457524,134.23036129700705
2022-06-30,2022,Q2,Product A,Latin America,101283.6912600679,22095.064820072614,17828.237510843708,5933.846663439766,250330.3596068496,146568.09031013513,20492.753558856555,2,101,0.2823822860619565,5.858639816160851,2.370406319376934,4.048525603959133,50641.84563003395,176.51720307766047
2022-06-30,2022,Q2,Product B,North America,178588.37107737828,44022.514063783456,20078.640974910257,13111.23376904013,524753.4358544288,233725.71613598432,28569.574672370534,3,178,0.23528016232251475,7.3415943546286835,2.4985512953701368,5.609666743479721,59529.45702579276,112.80135379163066
2022-06-30,2022,Q2,Product B,Europe,144209.8333499217,33771.47376303614,16436.63844901214,7881.95377684847,317496.30892271997,187212.27776833856,25184.786504196316,2,144,0.25364368005784554,5.4656146489838155,2.4825339871169882,4.210169263899352,72104.91667496086,114.14332256258432
2022-06-30,2022,Q2,Product B,Asia Pacific,156386.32084435903,31637.975860707298,21250.25000632338,2281.1272542269908,374145.68817191327,264286.5741787463,33759.15203249692,3,156,0.14423610735622688,1.4586488395601083,0.6096895745004158,0.8631264230184406,52128.77361478634,136.21955132258577
2022-06-30,2022,Q2,Product B,Latin America,129205.5517795974,23274.802219493613,22580.083426087273,3858.82050225855,288414.2729658667,224784.67959961877,26820.96432907001,2,129,0.18588821527849714,2.9865748407166266,1.3379436678278518,1.716674156411278,64602.7758897987,175.03940640377732
2022-06-30,2022,Q2,Product C,North America,188768.90100417816,40099.00719600022,21083.561567823774,3481.00938528854,496029.56133812014,264454.5400963819,32258.870565212972,3,188,0.248506297317574,1.8440587230051695,0.7017745829296853,1.3162978347884924,62922.96700139272,112.14660408416901
2022-06-30,2022,Q2,Product C,Europe,150329.96497623142,30569.01347373297,28470.880567879496,3681.0378617360802,323461.2093104615,208512.65849189163,28152.799299227085,3,150,0.23598657314316923,2.448638807517907,1.1380152413277418,1.7653786050016833,50109.98832541047,189.80587045252997
2022-06-30,2022,Q2,Product C,Asia Pacific,71607.76994439475,14822.018436454098,12620.57361050197,1382.918240776009,167711.25105301445,121214.36641613801,11929.479286924803,1,71,0.26161307293362956,1.931240481095669,0.8245828661422727,1.1408864160774037,71607.76994439475,177.75455789439394
2022-06-30,2022,Q2,Product C,Latin America,84218.05470409073,15978.584482578908,15136.47194346312,6294.203602414276,187743.21595287317,137557.68943396726,21728.719669180802,1,84,0.21028690822132434,7.473698632115933,3.352559809135384,4.575682848639097,84218.05470409073,180.19609456503716
2022-06-30,2022,Q2,Product D,North America,160245.150942338,32733.668675783887,20059.47291440213,11169.54291563038,349590.4554243044,279639.059525541,38059.628572973466,3,160,0.15021285419090996,6.970284498436764,3.1950365756049317,3.9942713777472862,53415.05031411266,125.3717057150133
2022-06-30,2022,Q2,Product D,Europe,129115.09364306313,31598.121756508783,14891.507441669095,11117.500426481874,323548.05143325956,202306.89489163103,19718.008758447602,2,129,0.26803097723603786,8.610535075950182,3.4361203466481567,5.495364076660434,64557.54682153156,115.43804218348136
2022-06-30,2022,Q2,Product D,Asia Pacific,192210.98817738108,39694.128993558275,32611.493144934524,2741.578410909111,520361.01313336194,248244.99391736658,45446.99150402501,3,192,0.20167876159571396,1.4263380241191295,0.5268608411688366,1.10438416809392,64070.32939246036,169.851526796534
2022-06-30,2022,Q2,Product D,Latin America,124031.70304341865,27738.998730617102,23992.28351528147,3855.844532356048,303981.78112111613,157265.10825706492,36927.4851267059,2,124,0.2597245216114835,3.108757227179464,1.2684459305867926,2.4518118323190294,62015.85152170932,193.48615738130218
2022-09-30,2022,Q3,Product A,North America,170314.76644166742,25626.10515786825,22711.45999767342,1813.2277083689696,432155.9394844862,298376.71641163813,34395.390537016974,3,170,0.13673830047405694,1.0646332941365937,0.4195771809897946,0.6076974538011388,56771.58881388914,133.59682351572602
2022-09-30,2022,Q3,Product A,Europe,161771.63768487214,31581.3493415533,19810.632772379377,8084.99742525239,346329.94623599586,211246.61222589327,36359.01126754499,3,161,0.154731362376137,4.9977842475711345,2.33447829537187,3.827279093407104,53923.879228290716,123.0474085240955
2022-09-30,2022,Q3,Product A,Asia Pacific,184954.9152674605,34445.89058057523,29233.758439841073,4256.360273949376,372331.7146436897,295580.5973718391,32682.53136516237,3,184,0.2902675793673638,2.3012961119710273,1.1431635035502108,1.4399998889625671,61651.63842248684,158.879121955658
2022-09-30,2022,Q3,Product A,Latin America,84796.06136482152,16235.258468612434,9203.337705668537,-697.448691123669,212176.28164279825,132047.05631640527,13572.582368638003,1,84,0.23749011759979444,-0.8225012811892375,-0.328711902067279,-0.5281819304267363,84796.06136482152,109.56354411510162
2022-09-30,2022,Q3,Product B,North America,92801.99965223673,22254.42333347219,11183.936849690794,11204.603189576977,188995.88156740172,137647.65346824244,21783.057945726458,1,92,0.0664271598570881,12.073665687770472,5.928490661623795,8.140061168686803,92801.99965223673,121.56453097489994
2022-09-30,2022,Q3,Product B,Europe,166742.61280965916,32569.64838778207,25418.081644930073,8545.993901451875,400309.5055072667,256080.67001718833,28894.16655440403,3,166,0.09548203262381778,5.125260878097994,2.1348466084067903,3.337227249865545,55580.87093655305,153.120973764639
2022-09-30,2022,Q3,Product B,Asia Pacific,178018.64072748803,43545.414963152056,24447.465778251757,20923.7910206809,470681.20477150875,257279.7498076414,27380.68278827508,3,178,0.08903814934154759,11.753707889900788,4.44542735264696,8.132700314084124,59339.54690916268,137.34531336096492
2022-09-30,2022,Q3,Product B,Latin America,158957.2690455358,34317.665388306064,16326.437401596784,14893.529617252978,354645.5567019641,254830.0642230227,24313.56034475827,3,158,0.07602714549614346,9.369517799772021,4.1995534233547875,5.844494707743129,52985.75634851193,103.33188228858724
2022-09-30,2022,Q3,Product C,North America,169930.78132643574,28523.64059142109,28085.24374414947,7483.103850600157,356759.71622065594,228710.40183976197,43899.92480743731,3,169,0.2639241170265714,4.403618810076069,2.0975192854935045,3.271868612186225,56643.59377547858,166.1848742257365
2022-09-30,2022,Q3,Product C,Europe,173892.2254023187,32990.54659619789,29006.703655880036,12036.80652572768,398760.56199136365,302190.1685970503,26422.973822416698,3,173,0.07137713271361702,6.921992342026338,3.01855491065046,3.9831893213501357,57964.075134106235,167.66880725942218
2022-09-30,2022,Q3,Product C,Asia Pacific,92538.02286220256,14126.227198196399,10932.76993025559,-522.9264178866233,224073.84042182713,160609.27255949265,25227.395080037208,1,92,0.13545433792446898,-0.5650935709587267,-0.23337236372715145,-0.32558918271230053,92538.02286220256,118.83445576364772
2022-09-30,2022,Q3,Product C,Latin America,99275.19080090123,18660.682246781093,15787.683384786578,6071.956257743441,260512.88351669934,143516.88089352002,23111.96700166218,1,99,0.15903163228382916,6.116287673443907,2.330770047061499,4.230830700848654,99275.19080090123,159.47154934127857
2022-09-30,2022,Q3,Product D,North America,103856.07869241829,25428.675932257353,18316.1182140661,13587.90756219099,297907.8358315354,155000.9101604267,29514.11477448136,2,103,0.24996381398682882,13.08340131195704,4.561111165224553,8.766340499631545,51928.039346209145,177.82639042782623
2022-09-30,2022,Q3,Product D,Europe,120948.00231900357,18413.962143331333,15344.399220495781,-231.79571365444644,318513.9298385783,163852.20300829475,20670.426163369608,2,120,0.2587325591998248,-0.19164906340749563,-0.07277412129884545,-0.14146633941974657,60474.001159501786,127.86999350413151
2022-09-30,2022,Q3,Product D,Asia Pacific,194047.61984863286,39308.03584265793,22736.157664480925,14619.21499995184,391663.9067087077,339307.64816446573,32534.54058270957,3,194,0.19412911887856338,7.533828557833165,3.732591834361851,4.308542727827274,64682.53994954429,117.19668899216971
2022-09-30,2022,Q3,Product D,Latin America,101187.922759969,20785.800505379553,16710.379870078643,2271.023274958483,223263.1852228645,122093.09434854852,17255.864298348173,2,101,0.27500466046202626,2.2443619880859176,1.0171955903484557,1.8600751230656982,50593.9613799845,165.44930564434299
2022-12-31,2022,Q4,Product A,North America,126968.11092872568,19641.534647245855,14808.079613854978,-2425.949853581911,264449.01231131953,198310.38347944478,23717.943585451158,2,126,0.14732390351049413,-1.9106764965131542,-0.917360149080833,-1.2233095468918627,63484.05546436284,117.52444137980142
2022-12-31,2022,Q4,Product A,Europe,98279.72694938716,18237.500788160272,16894.736217496975,5489.423985003645,252225.54729001923,146007.33446462866,24525.77217981147,1,98,0.2842074348311895,5.585510008417739,2.17639491478303,3.7596905697456573,98279.72694938716,172.39526752547934
2022-12-31,2022,Q4,Product A,Asia Pacific,153591.7473558884,26340.068935892312,15838.121955798579,6952.734917040249,398582.5539009552,189049.2451584125,34474.42598880167,3,153,0.19921071222922232,4.526763342909319,1.7443650879832417,3.677737465290725,51197.249118629465,103.51713696600378
2022-12-31,2022,Q4,Product A,Latin America,103955.76632114466,23607.44183884363,11503.726941416127,12430.764638727474,283610.9528198761,155652.42727438637,26327.874746865353,2,103,0.15870683465093655,11.95774422010013,4.383034052504441,7.986232438774849,51977.88316057233,111.68666933413716
2022-12-31,2022,Q4,Product B,North America,93009.72557682925,21569.907015146604,16736.317710149375,5807.581646127479,211331.59568448586,144549.98610370874,18987.57130074297,1,93,0.07289551833165854,6.244058468197732,2.748089620634905,4.017697823893788,93009.72557682925,179.96040548547714
2022-12-31,2022,Q4,Product B,Europe,176612.52359936785,28908.266908106005,34443.63406760452,3369.994037970093,385921.8409622665,269358.9246336695,49617.85359585898,3,176,0.2330562216023903,1.908128579610056,0.873232266297049,1.2511165325423372,58870.84119978928,195.70246629320752
2022-12-31,2022,Q4,Product B,Asia Pacific,162811.57928332052,35147.492926473555,27552.22200533036,5040.446482953703,366272.0013855272,243184.32590283747,29824.055678752764,3,162,0.29691700199916177,3.0958771514539807,1.3761484535773392,2.072685591162473,54270.526427773504,170.0754444773479
2022-12-31,2022,Q4,Product B,Latin America,179945.33364016574,27701.26711863223,30691.029346671883,-6942.677963120743,392384.3580064576,277253.85676887917,51702.47711899698,3,179,0.05848649464644971,-3.8582150604715997,-1.7693564540629532,-2.5040870644797595,59981.77788005525,171.45826450654684
2022-12-31,2022,Q4,Product C,North America,149211.45106404697,26818.505345858273,28714.19487342633,-2591.9407434295863,439318.27515986253,221508.65610645266,41675.71288458904,2,149,0.2611373496337676,-1.7370923779281733,-0.5899915596469122,-1.1701306797617657,74605.72553202348,192.71271727131767
2022-12-31,2022,Q4,Product C,Europe,102068.7335290268,23770.945294271256,10584.6055935342,7478.020807551589,227614.17778049342,129866.14583692755,16488.487404048603,2,102,0.22407219396953493,7.32645595668624,3.2853932388883273,5.758252668052314,51034.3667645134,103.7706430738647
2022-12-31,2022,Q4,Product C,Asia Pacific,104657.45860835958,23283.843630452513,11149.748714031874,9518.349221504273,265776.70481806144,175241.99646691442,20702.592823542553,2,104,0.20647284410925226,9.09476433698151,3.5813331450625436,5.431545755815064,52328.72930417979,107.20912225030648
2022-12-31,2022,Q4,Product C,Latin America,172707.7423136439,36542.595427551445,21294.16472489163,18850.400806855247,495688.2967283613,209453.32593335965,48566.32401013499,3,172,0.18223428350680299,10.914624066257664,3.8028738889482647,8.999809729854922,57569.2474378813,123.80328328425367
2022-12-31,2022,Q4,Product D,North America,179323.32143351264,41222.54450946113,35827.61807061489,17001.131604832084,496221.39500304835,258433.3375693445,39806.43173120651,3,179,0.2068763658045925,9.480714203219552,3.4261182157870573,6.578536563716448,59774.44047783755,200.15429089728988
2022-12-31,2022,Q4,Product D,Europe,171174.95094056503,42521.286597245795,30268.41148677644,18252.67065898018,414475.6660743711,281163.30970214255,31807.142572977347,3,171,0.07761852828284867,10.663166870319612,4.403797895267759,6.491839450288378,57058.31698018834,177.00825430863415
2022-12-31,2022,Q4,Product D,Asia Pacific,106495.11766346253,19033.222670892956,13805.048581606263,5895.902411031,217472.95451007987,128936.2332656814,31752.40946658564,2,106,0.15694328343396557,5.536312406041717,2.7110968461863267,4.572727356539192,53247.558831731265,130.236307373644
2022-12-31,2022,Q4,Product D,Latin America,110196.61671560687,24018.975618614222,13424.74567433644,2531.063098806826,307045.7935909927,138147.6140299056,23431.890811887657,2,110,0.26977957689054116,2.2968609874284445,0.8243275601353413,1.8321439111202547,55098.308357803435,122.04314249396764
2023-03-31,2023,Q1,Product A,North America,154316.0524863354,31059.014590466777,18991.210725838617,12903.298436606088,342656.66638405714,202441.51297151085,41192.7676540192,3,154,0.1375313147916825,8.361604790110004,3.7656639144862827,6.373840151264795,51438.6841621118,123.31955016778322
2023-03-31,2023,Q1,Product A,Europe,77711.67316428175,19187.809660257117,14639.215300376502,4206.9241229206855,232739.29787065048,101362.22226043777,16275.645514680045,1,77,0.23955961892602284,5.413503469455982,1.8075693109887991,4.150386632320976,77711.67316428175,190.11967922566885
2023-03-31,2023,Q1,Product A,Asia Pacific,166614.65189527458,27556.32907058346,30254.440402022043,7155.355106281841,370520.5977722511,253618.26620256074,39811.06991005976,3,166,0.1950215519594528,4.294553345031942,1.931162572149374,2.8213090537284,55538.21729842486,182.25566507242195
2023-03-31,2023,Q1,Product A,Latin America,82398.55737104978,19589.93452868749,10428.361771804855,10282.894524409696,238028.67438959383,146124.85172742818,23015.49439551952,1,82,0.25237901868121954,12.479459413475759,4.320023438679977,7.037060707230514,82398.55737104978,127.17514355859579
2023-03-31,2023,Q1,Product B,North America,160933.8815347422,33005.24371262641,17493.299844941615,10338.459458671725,381845.9727157029,218202.56864002184,41603.503261642596,3,160,0.1739689337696927,6.424041575384405,2.707494696132111,4.738009970784315,53644.6271782474,109.3331240308851
2023-03-31,2023,Q1,Product B,Europe,80944.1004086145,13923.868181983753,13624.986637934262,5213.223747644604,230788.3787364994,121180.43461009492,17976.71228681626,1,80,0.19810194616487942,6.440523424595113,2.2588761948004135,4.302034205784501,80944.1004086145,170.31233297417828
2023-03-31,2023,Q1,Product B,Asia Pacific,184538.0043439921,34099.102363472346,30965.77520502334,5205.3971661340875,418352.8727684776,318729.9797560525,49754.01164749555,3,184,0.2146129586646064,2.820772439064017,1.2442599310211568,1.6331683546424347,61512.66811466403,168.29225654903988
2023-03-31,2023,Q1,Product B,Latin America,188146.17511805665,44539.7349289743,32142.19597822315,9977.031791722744,507518.9380031892,302554.9409907942,45680.33097206296,3,188,0.2381791598894103,5.302808725961304,1.965844236468679,3.2975934086716214,62715.39170601888,170.96912754374017
2023-03-31,2023,Q1,Product C,North America,91748.63601717674,21844.164468968174,17173.909050820537,12400.961034687587,259264.83249880755,117192.54395925385,18374.30006986381,1,91,0.23587706407290193,13.516234761643691,4.783125005873916,10.581697961091468,91748.63601717674,188.72427528374217
2023-03-31,2023,Q1,Product C,Europe,92048.81454768968,21336.61167307957,16864.577917331608,7460.549886921843,184685.44101676752,126311.48939046716,22325.430907010406,1,92,0.2952965445068559,8.10499290358226,4.039598273609722,5.906469730444725,92048.81454768968,183.31062953621313
2023-03-31,2023,Q1,Product C,Asia Pacific,157670.12204279887,27746.844539774058,25763.38786263451,3465.8762633815677,438298.5627135933,199324.73667939653,41649.222646240334,3,157,0.18531664466902759,2.198182013483043,0.7907569310571407,1.738808901052883,52556.70734759962,164.09801186391408
2023-03-31,2023,Q1,Product C,Latin America,203805.77037642122,37538.4175734402,33273.776266357556,-1837.4300697964718,428503.6148370602,359174.46876767714,51600.12749113191,4,203,0.06695926477629298,-0.901559394713315,-0.42880153309678853,-0.5115703452143106,50951.442594105305,163.9102279130914
2023-03-31,2023,Q1,Product D,North America,111580.23856210738,24638.836843722744,11909.523474129433,6984.941104483965,261754.19113361664,175465.42723417457,17502.62184108353,2,111,0.26788420153809406,6.260016284690082,2.6685116575338386,3.980807623807239,55790.11928105369,107.29300427143633
2023-03-31,2023,Q1,Product D,Europe,205268.07645717118,50678.18083622002,35914.76659716363,27481.11796198685,566183.3805909599,249349.83717711223,31471.400298589433,4,205,0.13090255478738533,13.387916151550597,4.8537486093822,11.021109246791735,51317.019114292794,175.1939834007982
2023-03-31,2023,Q1,Product D,Asia Pacific,137725.41922057277,31269.281341907645,23183.256141518283,11355.5257031178,313136.1857647158,247668.13694428228,29463.212660248766,2,137,0.1628467560824189,8.245047114310447,3.6263856492299853,4.584976429839436,68862.70961028639,169.22084774830864
2023-03-31,2023,Q1,Product D,Latin America,92447.78082269561,21215.00501926625,15657.716319234234,9929.260859456017,192511.5064944291,148683.727184155,22943.38351598315,1,92,0.11831488174955233,10.740399359611688,5.157749290037034,6.678108658897114,92447.78082269561,170.19256868732865
2023-06-30,2023,Q2,Product A,North America,252084.33488513908,48131.319305550554,47747.27379659262,17126.09042905377,557889.0273453357,307210.2506078874,62453.89996900937,5,252,0.14213158593094027,6.793794004239567,3.0698023423308243,5.574713211934103,50416.866977027814,189.47330871663738
2023-06-30,2023,Q2,Product A,Europe,231764.50294161553,45732.00132238403,45615.73715136099,18255.728135230398,664845.0226480346,386109.95367391926,61565.52316085663,4,231,0.2611958070292219,7.876843909884358,2.7458621954510565,4.728116424226627,57941.12573540388,197.47072359896532
2023-06-30,2023,Q2,Product A,Asia Pacific,214211.03914071538,45545.98645387715,24232.51407709557,23428.13586899576,625677.8526525204,336309.2297648202,57725.717993257866,4,214,0.17038058787813753,10.936941421401631,3.744440652593616,6.966248260679307,53552.759785178845,113.23604708923163
2023-06-30,2023,Q2,Product A,Latin America,104862.57959995061,17042.117449954872,17675.272410296162,2043.5608743375215,230752.69931527364,156765.01889308606,16739.354156253008,2,104,0.1954928504785997,1.9487989730308752,0.8856064871186784,1.3035821950375501,52431.289799975304,169.95454240669386
2023-06-30,2023,Q2,Product B,North America,130629.45466502605,30012.889237690357,17117.18681079817,11003.427788478999,262776.89412116044,162433.5640649002,27285.101084695187,2,130,0.1699847086792809,8.42338951555387,4.18736503651861,6.774109680978611,65314.72733251302,131.67066777537056
2023-06-30,2023,Q2,Product B,Europe,186861.2701908751,33479.234521107915,31672.646819213096,-1279.2488638191135,519446.4867259716,228675.4586458888,41497.41130365193,3,186,0.07623254460454372,-0.6845981847990148,-0.24627154028552845,-0.5594167696849669,62287.09006362504,170.28304741512417
2023-06-30,2023,Q2,Product B,Asia Pacific,126051.71279749722,31344.807903079003,14401.352004624221,12451.065999636874,330023.014681388,204390.2029873933,29489.458187383072,2,126,0.05244271185479592,9.877744398157907,3.772787183238547,6.091811553416212,63025.85639874861,114.29644448114462
2023-06-30,2023,Q2,Product B,Latin America,140391.56821762884,28326.97018257487,15272.728382636493,9365.306887632829,285444.57294817816,175088.9369274213,29417.43741384749,2,140,0.08317893851076509,6.670847121755305,3.2809546143772996,5.348885573230124,70195.78410881442,109.09091701883209
2023-06-30,2023,Q2,Product C,North America,181343.92055480406,39704.61614207549,32652.545131527444,17940.62108745953,393059.78920111037,228990.34994387825,44513.50157500792,3,181,0.2266189316217253,9.893147248924556,4.564349134752156,7.834662505147698,60447.97351826802,180.40080183164335
2023-06-30,2023,Q2,Product C,Europe,90300.91520364648,21999.219546613655,9499.396968168276,8081.17257884235,244630.6442484837,155550.6836374095,23217.542806525336,1,90,0.25043202076744797,8.94915910942619,3.3034179359123526,5.195202225970064,90300.91520364648,105.54885520186973
2023-06-30,2023,Q2,Product C,Asia Pacific,142597.99919983945,33008.94297177935,15402.221600049663,5989.236571303183,363281.5756162876,241044.61508809272,31064.652236047914,2,142,0.21089442379913126,4.200084576859846,1.6486485892224967,2.484700423245026,71298.99959991973,108.46634929612439
2023-06-30,2023,Q2,Product C,Latin America,174355.74751555908,38909.04592135399,18858.84040521842,20421.19789796842,391795.36411046935,225917.4161966303,48953.433441078385,3,174,0.10480349683951108,11.712374377647679,5.212210191494386,9.039231344693919,58118.58250518636,108.38414025987598
2023-06-30,2023,Q2,Product D,North America,250706.27708222912,46052.130534294774,29636.43817145182,1183.2655517633539,666554.7282453997,375788.00849684316,58490.91080474543,5,250,0.22980044456806598,0.4719728462862758,0.1775196396668154,0.31487581429126255,50141.25541644583,118.54575268580729
2023-06-30,2023,Q2,Product D,Europe,123743.12323024792,30890.41553984568,24436.707361778033,10468.770062278432,272178.25255548675,198995.88821301964,19901.576977437886,2,123,0.05766312555145152,8.460082297098053,3.846291892899948,5.260797173392799,61871.56161512396,198.67241757543115
2023-06-30,2023,Q2,Product D,Asia Pacific,128708.12930827294,25260.55292993889,24046.18592091929,3030.482933065745,353008.6255852506,187308.42583589818,25984.91625918958,2,128,0.1427596907461507,2.354538869730084,0.8584727718880886,1.6179106303102275,64354.06465413647,187.86082750718197
2023-06-30,2023,Q2,Product D,Latin America,252708.08582065863,38919.804571665074,47181.39555519845,-974.5994915825067,616257.8346361445,413216.7880389574,56353.98936546923,5,252,0.26835580952041516,-0.3856621715991148,-0.15814800831829376,-0.23585670277525683,50541.61716413173,187.22776013967638
2023-09-30,2023,Q3,Product A,North America,181773.91878857097,29657.645189437924,31189.222778552463,-5043.587048183796,396209.54041659925,244036.21117837323,53752.23175867683,3,181,0.09524423817737245,-2.774648355383815,-1.272959516038068,-2.0667371550434743,60591.30626285699,172.31614794780367
2023-09-30,2023,Q3,Product A,Europe,199650.70637920956,39775.96813435076,24901.05650226948,2426.3142095614166,488206.9214740753,301251.0366760544,40705.78535022844,3,199,0.19823771285873187,1.2152795517552342,0.49698480354098346,0.8054127336233918,66550.23545973652,125.13093719733406
2023-09-30,2023,Q3,Product A,Asia Pacific,97810.44586919398,18496.752827490924,19262.909734789926,6190.893625947239,259856.59771581902,136456.72614746232,26019.629574065926,1,97,0.08271841517958746,6.329481039506334,2.3824269540839764,4.536891511860715,97810.44586919398,198.58669829680335
2023-09-30,2023,Q3,Product A,Latin America,216667.1881856602,42332.20862381437,26781.157834886082,19073.05644676977,470115.344338926,327571.4017782665,43452.70782489944,4,216,0.2572208414706524,8.802927940536264,4.05710144891999,5.82256458995781,54166.79704641505,123.98684182817631
2023-09-30,2023,Q3,Product B,North America,137222.6795528959,23996.325825686774,22190.896828733694,575.4715156012717,297367.29730558814,178467.91026565866,21338.224652961733,2,137,0.23410050376641012,0.4193705570218383,0.193522125941741,0.3224509743766556,68611.33977644795,161.9773491148445
2023-09-30,2023,Q3,Product B,Europe,171557.11264433697,33876.197158199655,31638.055744916608,2898.641375382711,443535.9299183418,295243.4034993178,31030.595445219216,3,171,0.07797990484943197,1.689607227997605,0.6535302282988374,0.9817802331998279,57185.70421477899,185.0178698533135
2023-09-30,2023,Q3,Product B,Asia Pacific,113469.24477154837,17668.146960415917,17374.06499594853,-4306.3715720831715,231402.77138939124,144476.52555895993,24716.98904959467,2,113,0.2834687543819762,-3.7951883620564684,-1.8609853055029566,-2.9806721579318225,56734.622385774186,153.75278757476576
2023-09-30,2023,Q3,Product B,Latin America,120310.05337552729,24149.05269705168,12531.168626685325,10333.329516934402,359321.6295061365,214040.15317979673,18135.657411813027,2,120,0.28795294635580976,8.588916077263034,2.875788337912435,4.82775281339584,60155.026687763646,104.42640522237771
2023-09-30,2023,Q3,Product C,North America,167918.3426847174,39761.69156286247,24427.75055954427,14312.05423300574,417922.9929532686,268689.2557753507,28705.25249058581,3,167,0.05749339746816949,8.52322265940772,3.424567318459573,5.3266194778446785,55972.7808949058,146.27395544637287
2023-09-30,2023,Q3,Product C,Europe,119097.42977330516,26257.181231258463,14313.765711201724,6327.031060429912,353708.8913441537,149626.91607060222,29880.391997099763,2,119,0.1609375548261428,5.312483294117293,1.788767886604751,4.228538037530941,59548.71488665258,120.2837454722834
2023-09-30,2023,Q3,Product C,Asia Pacific,201678.65760700376,33824.531814161775,34136.65298757493,-3246.330600152207,593865.8429540162,324692.3162232572,45292.229491245336,4,201,0.20446181005030345,-1.609655002007248,-0.5466437645250418,-0.9998175004301741,50419.66440175094,169.83409446554694
2023-09-30,2023,Q3,Product C,Latin America,201791.09210161638,41783.06020905006,20792.29300635981,2818.2356031956006,542722.5403271709,324057.93548435124,36796.86249647014,4,201,0.2147213675581643,1.3966105113185154,0.5192774196363166,0.8696702949067863,50447.773025404094,103.44424381273538
2023-09-30,2023,Q3,Product D,North America,131765.07986520455,28345.738502853394,14581.031901681112,6501.126606336053,395217.9891249626,161929.69372880075,39078.37714370138,2,131,0.15172699018071767,4.933876724384559,1.6449470381472147,4.014783488211937,65882.53993260227,111.30558703573368
2023-09-30,2023,Q3,Product D,Europe,202063.57554534465,46118.697168160696,31663.690863266303,10990.970855630687,581643.146579465,291473.5137033256,40221.75982390665,4,202,0.21689834639089617,5.4393627480694695,1.8896415990227924,3.770830054499489,50515.89388633616,156.75094486765497
2023-09-30,2023,Q3,Product D,Asia Pacific,192790.34258575065,43614.67261602348,34660.11092687946,15938.012708706192,543251.2238862326,245253.49808298622,44664.38734737437,3,192,0.051439665124530395,8.267018199636826,2.9338199359572767,6.498587312020014,64263.44752858355,180.5214110774972
2023-09-30,2023,Q3,Product D,Latin America,121552.6841042634,22687.340934098163,16970.8538138179,2078.4819557070914,290335.6483483935,178587.16942725654,22564.021620787847,2,121,0.143312947907335,1.7099432818153535,0.7158893396421577,1.1638473034613577,60776.3420521317,140.25499019684213
2023-12-31,2023,Q4,Product A,North America,165505.11000804685,32756.471438304132,16974.900293017457,10558.134512372046,393934.53772782435,238210.45694529024,39228.990270096845,3,165,0.18340063668171963,6.379340500035744,2.680174877092607,4.432271633984956,55168.370002682284,102.8781835940452
2023-12-31,2023,Q4,Product A,Europe,179930.55801379535,40752.17090853799,32621.15356382397,9837.886524356814,531789.0278361663,217885.02888154864,32273.55003369789,3,179,0.05189071874453553,5.467601853156338,1.8499604183987925,4.515173242905596,59976.852671265115,182.24108136214508
2023-12-31,2023,Q4,Product A,Asia Pacific,186356.90635195145,44688.95544397915,23173.15138933789,8777.335823821079,383945.0571121711,328111.45190591266,37782.63338236343,3,186,0.07535520711230413,4.709960041536806,2.2860916324433225,2.675108038087624,62118.968783983815,124.5868354265478
2023-12-31,2023,Q4,Product A,Latin America,160111.59883124533,28128.030504699807,20572.30546280654,7196.801862660766,448796.9580673746,243929.50301931667,31493.335840738408,3,160,0.20258344582772958,4.494866027942212,1.6035763463397548,2.9503613845721874,53370.53294374844,128.57690914254087
2023-12-31,2023,Q4,Product B,North America,197510.301979115,35011.15016803072,27919.050990457887,12852.744059915709,430799.46668814495,317729.0381869323,35001.936723460494,3,197,0.18129084591676503,6.50737907396586,2.9834633173350213,4.045190245517925,65836.76732637167,141.72107101755273
2023-12-31,2023,Q4,Product B,Europe,196356.50197048878,31552.0731715986,30775.194494193394,6878.64590020863,581789.956816002,292596.20140437584,53192.75694879208,3,196,0.18755663553906543,3.5031413939338,1.1823246207022586,2.3509006156584227,65452.16732349626,157.0162984397622
2023-12-31,2023,Q4,Product B,Asia Pacific,88253.51639256952,18825.810989381927,17221.820684995015,4691.02348700019,248803.33021917162,152724.81743560423,16257.353742761723,1,88,0.10301120997705666,5.315395554476908,1.885434364109135,3.071552852880731,88253.51639256952,195.70250778403425
2023-12-31,2023,Q4,Product B,Latin America,180430.10233183025,34480.70623662647,33196.63631526169,198.56957787177816,424628.0602975065,242159.27031529447,48189.06013798271,3,180,0.11870150888703403,0.1100534640869335,0.04676317851737228,0.0819995772258638,60143.36744394342,184.4257573070094
2023-12-31,2023,Q4,Product C,North America,214800.64846273803,41322.02243563295,35819.07997117814,17789.852853081353,563606.6844155298,315984.7723636432,51120.679011984,4,214,0.09200355193621586,8.282029398140947,3.1564304230227056,5.629971571101009,53700.16211568451,167.3788783699913
2023-12-31,2023,Q4,Product C,Europe,200875.85531291665,47462.88838823559,24441.36480365018,25452.62853634311,406500.1318162791,318424.9709183345,48423.95836014317,4,200,0.1866743531785175,12.670825220230666,6.261407203638159,7.993289113896432,50218.96382822916,122.2068240182509
2023-12-31,2023,Q4,Product C,Asia Pacific,118872.68169212971,22477.706656101578,18953.96778582195,4685.237618052088,355166.0771088585,152378.59359605334,30225.956849317015,2,118,0.15107969202607302,3.9413913704634513,1.319168107548757,3.0747347822833806,59436.34084606486,160.62684564255892
2023-12-31,2023,Q4,Product C,Latin America,150745.29014092463,33429.241860000795,25512.67786763819,3411.995608451638,320845.4146980492,190310.7717508412,38990.393293399626,3,150,0.19459672925160226,2.2634177195598784,1.0634391056087558,1.792854696064547,50248.43004697488,170.08451911758794
2023-12-31,2023,Q4,Product D,North America,125728.423519764,19857.79073395657,13649.810020298568,-3957.5725177476743,275580.02330137015,175268.30625326151,23133.836347863707,2,125,0.13874907645798434,-3.1477150567513164,-1.4360883166845997,-2.2580080804963156,62864.211759882,109.19848016238855
2023-12-31,2023,Q4,Product D,Europe,92477.91208661413,18671.84338412325,9873.058079844559,2022.522298627253,206569.02953772084,140936.99912264902,26079.868286308534,1,92,0.21271934226179856,2.187032830859085,0.9791023868163776,1.435054181100573,92477.91208661413,107.3158486939626
2023-12-31,2023,Q4,Product D,Asia Pacific,167758.6574408212,30604.778114660996,22362.261130068957,2597.6890927597196,502292.79942918103,267927.941287497,39199.74820223547,3,167,0.23266262755981154,1.5484679791718554,0.5171663013508859,0.9695476628069556,55919.552480273735,133.905755269874
2023-12-31,2023,Q4,Product D,Latin America,156755.29027343777,24456.05657822673,24489.82908662093,-6230.755393699481,340990.2441619382,253003.49849853644,28237.90634473511,3,156,0.18395692111827033,-3.9748294190459514,-1.8272532720145684,-2.4627151129040707,52251.76342447926,156.98608388859572
